{
  "leader": "04889cam a2200541Ia 4500",
  "fields": [
    {
      "001": "ocm43761734\\"
    },
    {
      "003": "OCoLC"
    },
    {
      "005": "20220105152202.0"
    },
    {
      "008": "000403r20001999nyuab\\\\\\\\b\\\\\\\\001\\0aeng\\d"
    },
    {
      "040": {
        "ind1": "\\",
        "ind2": "\\",
        "subfields": [
          {
            "a": "JRS"
          },
          {
            "b": "eng"
          },
          {
            "c": "JRS"
          },
          {
            "d": "OCL"
          },
          {
            "d": "IXA"
          },
          {
            "d": "OCL"
          },
          {
            "d": "BAKER"
          },
          {
            "d": "EGM"
          },
          {
            "d": "BTCTA"
          },
          {
            "d": "YDXCP"
          },
          {
            "d": "OCLCQ"
          },
          {
            "d": "OCLCF"
          },
          {
            "d": "OCLCO"
          },
          {
            "d": "OCLCQ"
          },
          {
            "d": "NYDWH"
          },
          {
            "d": "WAU"
          },
          {
            "d": "OCL"
          },
          {
            "d": "GILDS"
          },
          {
            "d": "JDP"
          },
          {
            "d": "OCLCQ"
          },
          {
            "d": "OCLCO"
          },
          {
            "d": "OCL"
          },
          {
            "d": "NYHOF"
          },
          {
            "d": "OCLCQ"
          },
          {
            "d": "OCLCO"
          },
          {
            "d": "OCL"
          },
          {
            "d": "OCLCA"
          },
          {
            "d": "OCLCQ"
          },
          {
            "d": "OCLCO"
          }
        ]
      }
    },
    {
      "019": {
        "ind1": "\\",
        "ind2": "\\",
        "subfields": [
          {
            "a": "83926955"
          }
        ]
      }
    },
    {
      "020": {
        "ind1": "\\",
        "ind2": "\\",
        "subfields": [
          {
            "a": "0684855720"
          },
          {
            "q": "(pbk.)"
          }
        ]
      }
    },
    {
      "020": {
        "ind1": "\\",
        "ind2": "\\",
        "subfields": [
          {
            "a": "9780684855721"
          },
          {
            "q": "(pbk.)"
          }
        ]
      }
    },
    {
      "020": {
        "ind1": "\\",
        "ind2": "\\",
        "subfields": [
          {
            "a": "0684855712"
          }
        ]
      }
    },
    {
      "020": {
        "ind1": "\\",
        "ind2": "\\",
        "subfields": [
          {
            "a": "9780684855714"
          }
        ]
      }
    },
    {
      "035": {
        "ind1": "\\",
        "ind2": "\\",
        "subfields": [
          {
            "a": "(OCoLC)43761734"
          },
          {
            "z": "(OCoLC)83926955"
          }
        ]
      }
    },
    {
      "043": {
        "ind1": "\\",
        "ind2": "\\",
        "subfields": [
          {
            "a": "n-us---"
          }
        ]
      }
    },
    {
      "050": {
        "ind1": "\\",
        "ind2": "4",
        "subfields": [
          {
            "a": "E840.8.K58"
          },
          {
            "b": "A3 2000"
          }
        ]
      }
    },
    {
      "082": {
        "ind1": "0",
        "ind2": "4",
        "subfields": [
          {
            "a": "973.924092"
          },
          {
            "b": "KIS"
          }
        ]
      }
    },
    {
      "100": {
        "ind1": "1",
        "ind2": "\\",
        "subfields": [
          {
            "a": "Kissinger, Henry,"
          },
          {
            "d": "1923-"
          }
        ]
      }
    },
    {
      "245": {
        "ind1": "1",
        "ind2": "0",
        "subfields": [
          {
            "a": "Years of renewal /"
          },
          {
            "c": "Henry Kissinger."
          }
        ]
      }
    },
    {
      "250": {
        "ind1": "\\",
        "ind2": "\\",
        "subfields": [
          {
            "a": "1st Touchstone ed."
          }
        ]
      }
    },
    {
      "260": {
        "ind1": "\\",
        "ind2": "\\",
        "subfields": [
          {
            "a": "New York :"
          },
          {
            "b": "Touchstone,"
          },
          {
            "c": "2000, \u00a91999."
          }
        ]
      }
    },
    {
      "300": {
        "ind1": "\\",
        "ind2": "\\",
        "subfields": [
          {
            "a": "1151 pages :"
          },
          {
            "b": "illustrations, maps ;"
          },
          {
            "c": "24 cm"
          }
        ]
      }
    },
    {
      "336": {
        "ind1": "\\",
        "ind2": "\\",
        "subfields": [
          {
            "a": "text"
          },
          {
            "b": "txt"
          },
          {
            "2": "rdacontent"
          }
        ]
      }
    },
    {
      "337": {
        "ind1": "\\",
        "ind2": "\\",
        "subfields": [
          {
            "a": "unmediated"
          },
          {
            "b": "n"
          },
          {
            "2": "rdamedia"
          }
        ]
      }
    },
    {
      "338": {
        "ind1": "\\",
        "ind2": "\\",
        "subfields": [
          {
            "a": "volume"
          },
          {
            "b": "nc"
          },
          {
            "2": "rdacarrier"
          }
        ]
      }
    },
    {
      "500": {
        "ind1": "\\",
        "ind2": "\\",
        "subfields": [
          {
            "a": "\"The concluding volume of his memoirs\"--Cover."
          }
        ]
      }
    },
    {
      "504": {
        "ind1": "\\",
        "ind2": "\\",
        "subfields": [
          {
            "a": "Includes bibliographical references (pages 1081-1120) and index."
          }
        ]
      }
    },
    {
      "505": {
        "ind1": "0",
        "ind2": "\\",
        "subfields": [
          {
            "a": "A Ford, not a Lincoln -- The Nixon legacy. The man and the organization ; Controversy over de\u0301tente ; Jackson, arms control, and Jewish emigration ; China and its leaders -- Ford at the helm. The new presidency ; Cyprus, a case study in ethnic conflict -- East-West relations. Ford inherits the debate over de\u0301tente ; A visit with Brezhnev ; Vladivostok and the crisis in American-Soviet relations ; The intelligence investigations -- Breakthrough in the Middle East. Ford and Middle East diplomacy ; One shuttle too many ; Sinai II and the road to peace -- Collapse in Indochina, tragedy of the Kurds. Indochina tragedy-- the beginning of the end ; The collapse of Cambodia ; The end of Vietnam ; Anatomy of a crisis : the Mayaguez ; Tragedy of the Kurds -- The Atlantic relationship. The restoration of western unity ; The European security conference ; The energy crisis -- Latin America. Panama, Mexico, and the \"New Dialogue\" ; Brazil, Chile, and western hemisphere unity ; Cuban interlude -- Relations with the communist world. Civil war in Angola ; Last visit to Moscow ; Preserving the Sino-American relationship. -- Southern Africa. An African strategy ; First visit to Africa ; Toward majority rule in Southern Africa ; Breakthrough to majority rule -- End of the Ford presidency. Civil War in Lebanon and Middle East peace ; Reflections."
          }
        ]
      }
    },
    {
      "520": {
        "ind1": "\\",
        "ind2": "\\",
        "subfields": [
          {
            "a": "\"The concluding volume of his memoirs\"--Cover. Includes bibliographical references (p. 1081-1120) and index. Tablet of Contents: A Ford, not a Lincoln -- The Nixon legacy. The man and the organization ; Controversy over d\u00a9\u266dtente ; Jackson, arms control, and Jewish emigration ; China and its leaders -- Ford at the helm. The new presidency ; Cyprus, a case study in ethnic conflict -- East-West relations. Ford inherits the debate over d\u00a9\u266dtente ; A visit with Brezhnev ; Vladivostok and the crisis in American-Soviet relations ; The intelligence investigations -- Breakthrough in the Middle East. Ford and Middle East diplomacy ; One shuttle too many ; Sinai II and the road to peace -- Collapse in Indochina, tragedy of the Kurds. Indochina tragedy-- the beginning of the end ; The collapse of Cambodia ; The end of Vietnam ; Anatomy of a crisis : the Mayaguez ; Tragedy of the Kurds -- The Atlantic relationship. The restoration of western unity ; The European security conference ; The energy crisis -- Latin America. Panama, Mexico, and the \"New Dialogue\" ; Brazil, Chile, and western hemisphere unity ; Cuban interlude -- Relations with the communist world. Civil war in Angola ; Last visit to Moscow ; Preserving the Sino-American relationship. -- Southern Africa. An African strategy ; First visit to Africa ; Toward majority rule in Southern Africa ; Breakthrough to majority rule -- End of the Ford presidency. Civil War in Lebanon and Middle East peace ; Reflections."
          }
        ]
      }
    },
    {
      "600": {
        "ind1": "1",
        "ind2": "0",
        "subfields": [
          {
            "a": "Kissinger, Henry,"
          },
          {
            "d": "1923-"
          }
        ]
      }
    },
    {
      "650": {
        "ind1": "\\",
        "ind2": "0",
        "subfields": [
          {
            "a": "Cabinet officers"
          },
          {
            "z": "United States"
          },
          {
            "v": "Biography."
          }
        ]
      }
    },
    {
      "651": {
        "ind1": "\\",
        "ind2": "0",
        "subfields": [
          {
            "a": "United States"
          },
          {
            "x": "Foreign relations"
          },
          {
            "y": "1969-1974."
          }
        ]
      }
    },
    {
      "651": {
        "ind1": "\\",
        "ind2": "0",
        "subfields": [
          {
            "a": "United States"
          },
          {
            "x": "Foreign relations"
          },
          {
            "y": "1974-1977."
          }
        ]
      }
    },
    {
      "650": {
        "ind1": "\\",
        "ind2": "0",
        "subfields": [
          {
            "a": "Statesmen"
          },
          {
            "z": "United States"
          },
          {
            "v": "Biography."
          }
        ]
      }
    },
    {
      "600": {
        "ind1": "1",
        "ind2": "7",
        "subfields": [
          {
            "a": "Kissinger, Henry,"
          },
          {
            "d": "1923-"
          },
          {
            "2": "fast"
          },
          {
            "0": "(OCoLC)fst00031425"
          }
        ]
      }
    },
    {
      "650": {
        "ind1": "\\",
        "ind2": "7",
        "subfields": [
          {
            "a": "Cabinet officers."
          },
          {
            "2": "fast"
          },
          {
            "0": "(OCoLC)fst00843535"
          }
        ]
      }
    },
    {
      "650": {
        "ind1": "\\",
        "ind2": "7",
        "subfields": [
          {
            "a": "Diplomatic relations."
          },
          {
            "2": "fast"
          },
          {
            "0": "(OCoLC)fst01907412"
          }
        ]
      }
    },
    {
      "650": {
        "ind1": "\\",
        "ind2": "7",
        "subfields": [
          {
            "a": "Statesmen."
          },
          {
            "2": "fast"
          },
          {
            "0": "(OCoLC)fst01131990"
          }
        ]
      }
    },
    {
      "651": {
        "ind1": "\\",
        "ind2": "7",
        "subfields": [
          {
            "a": "United States."
          },
          {
            "2": "fast"
          },
          {
            "0": "(OCoLC)fst01204155"
          }
        ]
      }
    },
    {
      "648": {
        "ind1": "\\",
        "ind2": "7",
        "subfields": [
          {
            "a": "1969-1977"
          },
          {
            "2": "fast"
          }
        ]
      }
    },
    {
      "655": {
        "ind1": "\\",
        "ind2": "7",
        "subfields": [
          {
            "a": "Autobiographies."
          },
          {
            "2": "fast"
          },
          {
            "0": "(OCoLC)fst01919894"
          }
        ]
      }
    },
    {
      "655": {
        "ind1": "\\",
        "ind2": "7",
        "subfields": [
          {
            "a": "Biographies."
          },
          {
            "2": "fast"
          },
          {
            "0": "(OCoLC)fst01919896"
          }
        ]
      }
    },
    {
      "655": {
        "ind1": "\\",
        "ind2": "7",
        "subfields": [
          {
            "a": "Autobiographies."
          },
          {
            "2": "lcgft"
          }
        ]
      }
    },
    {
      "994": {
        "ind1": "\\",
        "ind2": "\\",
        "subfields": [
          {
            "a": "Z0"
          },
          {
            "b": "NYRVC"
          }
        ]
      }
    },
    {
      "948": {
        "ind1": "\\",
        "ind2": "\\",
        "subfields": [
          {
            "h": "NO HOLDINGS IN NYRVC - 61 OTHER HOLDINGS"
          }
        ]
      }
    },
    {
      "999": {
        "ind1": "\\",
        "ind2": "\\",
        "subfields": [
          {
            "a": "00000000014128"
          }
        ]
      }
    }
  ]
}